<?xml version="1.0" encoding="utf-8"?>
<record xmlns="http://www.loc.gov/MARC21/slim" xmlns:xsi="http://www.w3.org/2001/XMLSchema-instance" xsi:schemaLocation="http://www.loc.gov/MARC21/slim http://www.loc.gov/standards/marcxml/schema/MARC21slim.xsd">
	<leader>     nam a22     Mi 4500</leader>
	<controlfield tag="001">1135618</controlfield>
	<controlfield tag="003">NjP</controlfield>
	<controlfield tag="006">m        d        </controlfield>
	<controlfield tag="007">cr cn |||m|||a</controlfield>
	<controlfield tag="008">201005s1895    ua a    o     000 0 ara d</controlfield>
	<datafield ind1=" " ind2=" " tag="040">
		<subfield code="a">ZYU</subfield>
		<subfield code="b">ara</subfield>
		<subfield code="e">rda</subfield>
		<subfield code="c">ZYU</subfield>
	</datafield>
	<datafield ind1=" " ind2="4" tag="050">
		<subfield code="a">G93.I13</subfield>
		<subfield code="b">W26 1895</subfield>
	</datafield>
	<datafield ind1="1" ind2=" " tag="100">
		<subfield code="6">880-01</subfield>
		<subfield code="a">Ibn al-Wardī, Zayn al-Dīn ʻUmar ibn al-Muẓaffar,</subfield>
		<subfield code="d">-1349.</subfield>
	</datafield>
	<datafield ind1="1" ind2="0" tag="240">
		<subfield code="6">880-02</subfield>
		<subfield code="a">Kharīdat al-ʻajāʼib wa-farīdat al-gharāʼib</subfield>
	</datafield>
	<datafield ind1="1" ind2="0" tag="245">
		<subfield code="6">880-03</subfield>
		<subfield code="a">Hādhā Kitāb Kharīdat al-ʻajāʼib wa-farīdat al-gharāʼib al-jāmiʻ li-mā huwa li-ṭarf al-dahr ḥawar wa-li-jīd al-zamān ʻiqd durar /</subfield>
		<subfield code="c">li-muʼallifihi Sirāj al-Dīn Abī Ḥafṣ ʻUmar ibn al-Wardī.</subfield>
	</datafield>
	<datafield ind1="3" ind2=" " tag="246">
		<subfield code="6">880-04</subfield>
		<subfield code="a">Kitāb Kharīdat al-ʻajāʼib wa-farīdat al-gharāʼib al-jāmiʻ li-mā huwa li-ṭarf al-dahr ḥawar wa-li-jīd al-zamān ʻiqd durar</subfield>
	</datafield>
	<datafield ind1="3" ind2=" " tag="246">
		<subfield code="6">880-05</subfield>
		<subfield code="a">Kharīdat al-ʻajāʼib wa-farīdat al-gharāʼib</subfield>
	</datafield>
	<datafield ind1=" " ind2=" " tag="260">
		<subfield code="6">880-06</subfield>
		<subfield code="a">al-Qāhirah :</subfield>
		<subfield code="b">ʻAbd Allāh al-Shāmī,</subfield>
		<subfield code="c">1276 [1859]</subfield>
	</datafield>
	<datafield ind1=" " ind2=" " tag="300">
		<subfield code="a">online resource (268 pages) :</subfield>
		<subfield code="b">illustrations</subfield>
	</datafield>
	<datafield ind1=" " ind2=" " tag="336">
		<subfield code="a">text</subfield>
		<subfield code="2">rdacontent</subfield>
	</datafield>
	<datafield ind1=" " ind2=" " tag="337">
		<subfield code="a">computer</subfield>
		<subfield code="2">rdamedia</subfield>
	</datafield>
	<datafield ind1=" " ind2=" " tag="338">
		<subfield code="a">online resource</subfield>
		<subfield code="2">rdacarrier</subfield>
	</datafield>
	<datafield ind1=" " ind2=" " tag="500">
		<subfield code="a">&quot;Dhakara fī-hi al-aqṭār wa-al-buldān wa-al-biḥār wa-al-khiljān wa-al-jazāʼir wa-al-āthār wa-ʻajāʼib al-iʻtibār wa-shāhir al-anhār wa-al-jibāl al-shawāhiq al-kibār wa-al-aḥjār wa-al-maʻādin wa-al-jawāhir wa-al-nabātāt wa-al-fawākih wa-al-ḥubūb wa-al-buqūl wa-al-budhūr wa-al-ḥayawānāt wa-khawāṣṣ jamīʻ al-madhkūrāt wa-dhakara fī-hi ayḍan al-malāḥim wa-al-maʻārik wa-al-ḥikāyāt al-gharībat al-mithāl, wa-khatama hādhā al-kitāb bi-dhikr ʻalāmāt al-sāʻah, maʻa fuṣūl tataʻallaqu bi-hā.&quot;</subfield>
	</datafield>
	<datafield ind1=" " ind2=" " tag="500">
		<subfield code="a">Part of the Arabic Collections Online (ACO) project, contributed by Princeton University Libraries.</subfield>
	</datafield>
	<datafield ind1=" " ind2=" " tag="533">
		<subfield code="a">Electronic reproduction.</subfield>
		<subfield code="b">New York, N.Y. :</subfield>
		<subfield code="c">New York University,</subfield>
		<subfield code="d">2020.</subfield>
		<subfield code="5">NNU</subfield>
	</datafield>
	<datafield ind1=" " ind2="0" tag="650">
		<subfield code="a">Geography, Medieval</subfield>
		<subfield code="v">Early works to 1800.</subfield>
	</datafield>
	<datafield ind1=" " ind2="0" tag="650">
		<subfield code="a">Geography, Arab</subfield>
		<subfield code="v">Early works to 1800.</subfield>
	</datafield>
	<datafield ind1=" " ind2="7" tag="650">
		<subfield code="a">Geography, Arab.</subfield>
		<subfield code="2">fast</subfield>
		<subfield code="0">(OCoLC)fst00940571</subfield>
	</datafield>
	<datafield ind1=" " ind2="7" tag="650">
		<subfield code="a">Geography, Medieval.</subfield>
		<subfield code="2">fast</subfield>
		<subfield code="0">(OCoLC)fst00940573</subfield>
	</datafield>
	<datafield ind1=" " ind2="7" tag="655">
		<subfield code="a">Early works.</subfield>
		<subfield code="2">fast</subfield>
		<subfield code="0">(OCoLC)fst01411636</subfield>
	</datafield>
	<datafield ind1="2" ind2=" " tag="710">
		<subfield code="a">Princeton University.</subfield>
		<subfield code="b">Library.</subfield>
	</datafield>
	<datafield ind1="0" ind2=" " tag="730">
		<subfield code="a">Arabic Collections Online.</subfield>
	</datafield>
	<datafield ind1="0" ind2="8" tag="776">
		<subfield code="i">Print version:</subfield>
		<subfield code="a">Ibn al-Wardī, Zayn al-Dīn ʻUmar ibn al-Muẓaffar, -1349.</subfield>
		<subfield code="t">Hādhā Kitāb Kharīdat al-ʻajāʼib wa-farīdat al-gharāʼib al-jāmiʻ li-mā huwa li-ṭarf al-dahr ḥawar wa-li-jīd al-zamān ʻiqd durar</subfield>
		<subfield code="w">(NjP)1135618</subfield>
		<subfield code="w">(OCoLC)36849285</subfield>
	</datafield>
	<datafield ind1="4" ind2="0" tag="856">
		<subfield code="u">http://hdl.handle.net/2333.1/gf1vhtkk</subfield>
	</datafield>
	<datafield ind1="4" ind2="0" tag="856">
		<subfield code="u">http://hdl.handle.net/2333.1/gf1vhtkk</subfield>
	</datafield>
	<datafield ind1="1" ind2=" " tag="880">
		<subfield code="6">100-01</subfield>
		<subfield code="a">ابن الوردي، زين الدين عمر بن المظفر،</subfield>
		<subfield code="d">-1349.</subfield>
	</datafield>
	<datafield ind1="1" ind2="0" tag="880">
		<subfield code="6">240-02</subfield>
		<subfield code="a">خريدة العجائب وفريدة الغرائب</subfield>
	</datafield>
	<datafield ind1="1" ind2="0" tag="880">
		<subfield code="6">245-03</subfield>
		<subfield code="a">هذا كتاب خريدة العجائب وفريدة الغرائب الجامع لما هو لطرف الدهر حور ولجيد الزمان عقد درر /</subfield>
		<subfield code="c">لمؤلفه سراج الدين ابي حفص عمر بن الوردي.</subfield>
	</datafield>
	<datafield ind1="3" ind2=" " tag="880">
		<subfield code="6">246-04</subfield>
		<subfield code="a">كتاب خريدة العجائب وفريدة الغرائب الجامع لما هو لطرف الدهر حور ولجيد الزمان عقد درر</subfield>
	</datafield>
	<datafield ind1="3" ind2=" " tag="880">
		<subfield code="6">246-05</subfield>
		<subfield code="a">خريدة العجائب وفريدة الغرائب</subfield>
	</datafield>
	<datafield ind1=" " ind2=" " tag="880">
		<subfield code="6">260-06</subfield>
		<subfield code="a">القاهرة :</subfield>
		<subfield code="b">عبد الله الشامي،</subfield>
		<subfield code="c">1276 [1859]</subfield>
	</datafield>
	<datafield ind1=" " ind2=" " tag="959">
		<subfield code="a">NNU</subfield>
		<subfield code="b">WEB</subfield>
		<subfield code="c">GENI</subfield>
		<subfield code="t">0</subfield>
		<subfield code="m">Electronic access</subfield>
		<subfield code="s">01</subfield>
	</datafield>
	<datafield ind1=" " ind2=" " tag="959">
		<subfield code="a">NNU</subfield>
		<subfield code="b">WEB</subfield>
		<subfield code="c">GENI</subfield>
		<subfield code="t">0</subfield>
		<subfield code="m">Electronic access</subfield>
		<subfield code="s">01</subfield>
	</datafield>
	<datafield ind1=" " ind2=" " tag="999">
		<subfield code="i">NjP_1135618</subfield>
		<subfield code="o">(OCoLC)ocm36849285</subfield>
		<subfield code="s">princeton_aco002508</subfield>
		<subfield code="e">(ERROR-880)</subfield>
		<subfield code="s">princeton_aco002508</subfield>
	</datafield>
</record>
